<?xml version = "1.0" encoding = "UTF-8"?><record>
    <leader>00897nam#a2200277#cc4500</leader>
    <controlfield tag="005">20211123144400.0</controlfield>
    <controlfield tag="007">tu</controlfield>
    <controlfield tag="008">210528|2021####gw############|||#|#ger#c</controlfield>
    <controlfield tag="003">DE-605</controlfield>
    <controlfield tag="001">99370782520706441</controlfield>
    <datafield tag="020" ind1=" " ind2=" ">
      <subfield code="a">9783948683061</subfield>
      <subfield code="9">978-3-948-683-06-1</subfield>
      <subfield code="0">(uri) http://www.isbnsearch.org/isbn/9783948683061</subfield>
    </datafield>
    <datafield tag="020" ind1=" " ind2=" ">
      <subfield code="a">9783481042769</subfield>
      <subfield code="c">ISBN aufgeklebt</subfield>
      <subfield code="9">978-3-481-04276-9</subfield>
      <subfield code="0">(uri) http://www.isbnsearch.org/isbn/9783481042769</subfield>
    </datafield>
    <datafield tag="035" ind1=" " ind2=" ">
      <subfield code="a">(DE-605)HT020936481</subfield>
    </datafield>
    <datafield tag="040" ind1=" " ind2=" ">
      <subfield code="a">HBZ/ALMA-NZ</subfield>
      <subfield code="b">ger</subfield>
      <subfield code="c">DE-A96</subfield>
      <subfield code="d">82</subfield>
      <subfield code="e">rda</subfield>
      <subfield code="d">DE-605</subfield>
    </datafield>
    <datafield tag="041" ind1=" " ind2=" ">
      <subfield code="a">ger</subfield>
    </datafield>
    <datafield tag="044" ind1=" " ind2=" ">
      <subfield code="c">XA-DE</subfield>
    </datafield>
    <datafield tag="110" ind1="2" ind2=" ">
      <subfield code="a">Baukosteninformationszentrum Deutscher Architektenkammern</subfield>
      <subfield code="0">(DE-588)5253963-5</subfield>
      <subfield code="4">aut</subfield>
      <subfield code="9">O:H</subfield>
      <subfield code="0">(uri) https://portal.dnb.de/opac.htm?method=simpleSearch&amp;cqlMode=true&amp;query=idn=952415585</subfield>
      <subfield code="0">(uri) http://viaf.org/viaf/sourceID/DNB|952415585</subfield>
    </datafield>
    <datafield tag="245" ind1="1" ind2="0">
      <subfield code="a">BKI-Baukosten ... Neubau</subfield>
      <subfield code="n">2021</subfield>
      <subfield code="n">Teil 2</subfield>
      <subfield code="p">Statistische Kostenkennwerte f&#252;r Bauelemente</subfield>
      <subfield code="c">BKI, Baukosteninformationszentrum (Hrsg.)</subfield>
    </datafield>
    <datafield tag="264" ind1=" " ind2="1">
      <subfield code="c">2021</subfield>
    </datafield>
    <datafield tag="300" ind1=" " ind2=" ">
      <subfield code="a">612 Seiten</subfield>
      <subfield code="b">Illustrationen</subfield>
    </datafield>
    <datafield tag="336" ind1=" " ind2=" ">
      <subfield code="b">txt</subfield>
    </datafield>
    <datafield tag="337" ind1=" " ind2=" ">
      <subfield code="b">n</subfield>
    </datafield>
    <datafield tag="338" ind1=" " ind2=" ">
      <subfield code="b">nc</subfield>
    </datafield>
    <datafield tag="773" ind1="0" ind2="8">
      <subfield code="w">(DE-605)HT018714597</subfield>
      <subfield code="q">2021,2</subfield>
    </datafield>
    <datafield tag="964" ind1="0" ind2="s">
      <subfield code="F">030</subfield>
      <subfield code="A">a|zur||||||||</subfield>
    </datafield>
    <datafield tag="964" ind1="0" ind2="s">
      <subfield code="F">050</subfield>
      <subfield code="A">a|a|||||||||||</subfield>
    </datafield>
    <datafield tag="035" ind1=" " ind2=" ">
      <subfield code="a">(DE-599)HBZHT020936481</subfield>
    </datafield>
    <datafield tag="MBD" ind1=" " ind2=" ">
      <subfield code="M">49HBZ_NETWORK</subfield>
      <subfield code="i">99370782520706441</subfield>
      <subfield code="n">HBZ Network</subfield>
    </datafield>
    <datafield tag="MBD" ind1=" " ind2=" ">
      <subfield code="M">49HBZ_FHA</subfield>
      <subfield code="i">991005837939006444</subfield>
      <subfield code="n">Hochschulbibliothek der FH Aachen</subfield>
    </datafield>
    <datafield tag="020" ind1=" " ind2=" ">
      <subfield code="a">9783948683061</subfield>
      <subfield code="9">978-3-948-683-06-1</subfield>
      <subfield code="M">49HBZ_FHA</subfield>
    </datafield>
    <datafield tag="020" ind1=" " ind2=" ">
      <subfield code="a">9783481042769</subfield>
      <subfield code="c">ISBN aufgeklebt</subfield>
      <subfield code="9">978-3-481-04276-9</subfield>
      <subfield code="M">49HBZ_FHA</subfield>
    </datafield>
    <datafield tag="110" ind1="2" ind2=" ">
      <subfield code="a">Baukosteninformationszentrum Deutscher Architektenkammern</subfield>
      <subfield code="0">(DE-588)5253963-5</subfield>
      <subfield code="4">aut</subfield>
      <subfield code="9">O:H</subfield>
      <subfield code="M">49HBZ_FHA</subfield>
    </datafield>
    <datafield tag="983" ind1=" " ind2=" ">
      <subfield code="b">XBS</subfield>
      <subfield code="9">local</subfield>
      <subfield code="M">49HBZ_FHA</subfield>
    </datafield>
    <datafield tag="989" ind1=" " ind2=" ">
      <subfield code="a">neu2105</subfield>
      <subfield code="9">local</subfield>
      <subfield code="M">49HBZ_FHA</subfield>
    </datafield>
    <datafield tag="MBD" ind1=" " ind2=" ">
      <subfield code="M">49HBZ_UBD</subfield>
      <subfield code="i">991013500472206445</subfield>
      <subfield code="n">Technische Universit&#228;t Dortmund</subfield>
    </datafield>
    <datafield tag="020" ind1=" " ind2=" ">
      <subfield code="a">9783948683061</subfield>
      <subfield code="9">978-3-948-683-06-1</subfield>
      <subfield code="M">49HBZ_UBD</subfield>
    </datafield>
    <datafield tag="020" ind1=" " ind2=" ">
      <subfield code="a">9783481042769</subfield>
      <subfield code="c">ISBN aufgeklebt</subfield>
      <subfield code="9">978-3-481-04276-9</subfield>
      <subfield code="M">49HBZ_UBD</subfield>
    </datafield>
    <datafield tag="110" ind1="2" ind2=" ">
      <subfield code="a">Baukosteninformationszentrum Deutscher Architektenkammern</subfield>
      <subfield code="0">(DE-588)5253963-5</subfield>
      <subfield code="4">aut</subfield>
      <subfield code="9">O:H</subfield>
      <subfield code="M">49HBZ_UBD</subfield>
    </datafield>
    <datafield tag="MBD" ind1=" " ind2=" ">
      <subfield code="M">49HBZ_UDE</subfield>
      <subfield code="i">99206834293406446</subfield>
      <subfield code="n">Universit&#228;t Duisburg-Essen</subfield>
    </datafield>
    <datafield tag="020" ind1=" " ind2=" ">
      <subfield code="a">9783948683061</subfield>
      <subfield code="9">978-3-948-683-06-1</subfield>
      <subfield code="M">49HBZ_UDE</subfield>
    </datafield>
    <datafield tag="020" ind1=" " ind2=" ">
      <subfield code="a">9783481042769</subfield>
      <subfield code="c">ISBN aufgeklebt</subfield>
      <subfield code="9">978-3-481-04276-9</subfield>
      <subfield code="M">49HBZ_UDE</subfield>
    </datafield>
    <datafield tag="110" ind1="2" ind2=" ">
      <subfield code="a">Baukosteninformationszentrum Deutscher Architektenkammern</subfield>
      <subfield code="0">(DE-588)5253963-5</subfield>
      <subfield code="4">aut</subfield>
      <subfield code="9">O:H</subfield>
      <subfield code="M">49HBZ_UDE</subfield>
    </datafield>
    <datafield tag="MNG" ind1=" " ind2=" ">
      <subfield code="c">System</subfield>
      <subfield code="f">HBZ</subfield>
      <subfield code="i">marc21</subfield>
      <subfield code="h">20211123144400.0</subfield>
      <subfield code="k">01</subfield>
      <subfield code="e">false</subfield>
      <subfield code="d">2021-11-23 15:02:31 Europe/Berlin</subfield>
      <subfield code="g">99370782520706441</subfield>
      <subfield code="j">60</subfield>
      <subfield code="a">kowalewski######49HBZ_FHA</subfield>
      <subfield code="b">2021-05-28 12:09:51 Europe/Berlin</subfield>
    </datafield>
    <datafield tag="H52" ind1="8" ind2=" ">
      <subfield code="b">BAY</subfield>
      <subfield code="c">BAY_Praes</subfield>
      <subfield code="h">11 XBS 53-2021,2</subfield>
      <subfield code="8">2289819040006444</subfield>
    </datafield>
    <datafield tag="HOL" ind1=" " ind2=" ">
      <subfield code="d">2021-05-31 12:47:57</subfield>
      <subfield code="8">2289819040006444</subfield>
      <subfield code="b">2021-05-31 12:47:57</subfield>
      <subfield code="M">49HBZ_FHA</subfield>
      <subfield code="g">false</subfield>
      <subfield code="a">i.hahn</subfield>
      <subfield code="c">i.hahn</subfield>
    </datafield>
    <datafield tag="H52" ind1="8" ind2=" ">
      <subfield code="b">BAY</subfield>
      <subfield code="c">BAY_Frei</subfield>
      <subfield code="h">11 XBS 53-2021,2</subfield>
      <subfield code="8">2289819190006444</subfield>
    </datafield>
    <datafield tag="HOL" ind1=" " ind2=" ">
      <subfield code="d">2021-05-31 12:41:23</subfield>
      <subfield code="8">2289819190006444</subfield>
      <subfield code="b">2021-05-31 12:39:32</subfield>
      <subfield code="M">49HBZ_FHA</subfield>
      <subfield code="g">false</subfield>
      <subfield code="a">Acquisition (PO line POL21-870)</subfield>
      <subfield code="c">i.hahn</subfield>
    </datafield>
    <datafield tag="ITM" ind1=" " ind2=" ">
      <subfield code="H">2289819040006444</subfield>
      <subfield code="x">BAY_Praes</subfield>
      <subfield code="f">BOOK</subfield>
      <subfield code="v">BAY_Praes</subfield>
      <subfield code="X">neidhoefer</subfield>
      <subfield code="U">2021-05-31 12:00:00</subfield>
      <subfield code="Y">2021-06-02 09:43:21</subfield>
      <subfield code="M">49HBZ_FHA</subfield>
      <subfield code="s">1</subfield>
      <subfield code="d">8</subfield>
      <subfield code="V">Acquisition (PO line POL21-870)</subfield>
      <subfield code="b">10 XBS 53-2021,2</subfield>
      <subfield code="O">LabelPrinted: 01.06.2021 - 14:01 Uhr</subfield>
      <subfield code="a">2389819160006444</subfield>
      <subfield code="c">11 XBS 53-2021,2</subfield>
      <subfield code="S">POL21-870</subfield>
      <subfield code="W">2021-05-31 12:39:39</subfield>
      <subfield code="u">BAY</subfield>
      <subfield code="w">BAY</subfield>
    </datafield>
    <datafield tag="ITM" ind1=" " ind2=" ">
      <subfield code="H">2289819190006444</subfield>
      <subfield code="x">BAY_Frei</subfield>
      <subfield code="f">BOOK</subfield>
      <subfield code="v">BAY_Frei</subfield>
      <subfield code="X">gevers</subfield>
      <subfield code="U">2021-05-31 12:00:00</subfield>
      <subfield code="Y">2021-11-16 07:55:26</subfield>
      <subfield code="M">49HBZ_FHA</subfield>
      <subfield code="s">0</subfield>
      <subfield code="d">8</subfield>
      <subfield code="V">Acquisition (PO line POL21-870)</subfield>
      <subfield code="b">11 XBS 53-2021,2+1</subfield>
      <subfield code="O">LabelPrinted: 01.06.2021 - 14:02 Uhr</subfield>
      <subfield code="a">2389819170006444</subfield>
      <subfield code="c">11 XBS 53-2021,2</subfield>
      <subfield code="r">LOAN</subfield>
      <subfield code="S">POL21-870</subfield>
      <subfield code="W">2021-05-31 12:39:39</subfield>
      <subfield code="u">BAY</subfield>
      <subfield code="w">BAY</subfield>
    </datafield>
    <datafield tag="ITM" ind1=" " ind2=" ">
      <subfield code="H">2289819190006444</subfield>
      <subfield code="x">BAY_Frei</subfield>
      <subfield code="f">BOOK</subfield>
      <subfield code="v">BAY_Frei</subfield>
      <subfield code="X">System</subfield>
      <subfield code="U">2021-05-31 12:00:00</subfield>
      <subfield code="Y">2021-10-18 07:18:38</subfield>
      <subfield code="M">49HBZ_FHA</subfield>
      <subfield code="s">0</subfield>
      <subfield code="d">8</subfield>
      <subfield code="V">Acquisition (PO line POL21-870)</subfield>
      <subfield code="b">11 XBS 53-2021,2+2</subfield>
      <subfield code="O">LabelPrinted: 01.06.2021 - 14:02 Uhr</subfield>
      <subfield code="a">2389819180006444</subfield>
      <subfield code="c">11 XBS 53-2021,2</subfield>
      <subfield code="r">LOAN</subfield>
      <subfield code="S">POL21-870</subfield>
      <subfield code="W">2021-05-31 12:39:32</subfield>
      <subfield code="u">BAY</subfield>
      <subfield code="w">BAY</subfield>
    </datafield>
    <datafield tag="ITM" ind1=" " ind2=" ">
      <subfield code="H">2289819190006444</subfield>
      <subfield code="x">BAY_Frei</subfield>
      <subfield code="f">BOOK</subfield>
      <subfield code="v">BAY_Frei</subfield>
      <subfield code="X">neidhoefer</subfield>
      <subfield code="U">2021-05-31 07:20:39</subfield>
      <subfield code="Y">2021-10-18 07:20:39</subfield>
      <subfield code="M">49HBZ_FHA</subfield>
      <subfield code="s">0</subfield>
      <subfield code="d">8</subfield>
      <subfield code="V">Acquisition (PO line POL21-870)</subfield>
      <subfield code="b">11 XBS 53-2021,2+3</subfield>
      <subfield code="O">LabelPrinted: 01.06.2021 - 14:02 Uhr</subfield>
      <subfield code="a">2389819140006444</subfield>
      <subfield code="c">11 XBS 53-2021,2</subfield>
      <subfield code="r">LOAN</subfield>
      <subfield code="S">POL21-870</subfield>
      <subfield code="W">2021-05-31 12:39:39</subfield>
      <subfield code="u">BAY</subfield>
      <subfield code="w">BAY</subfield>
    </datafield>
    <datafield tag="ITM" ind1=" " ind2=" ">
      <subfield code="H">2289819190006444</subfield>
      <subfield code="x">BAY_Frei</subfield>
      <subfield code="f">BOOK</subfield>
      <subfield code="v">BAY_Frei</subfield>
      <subfield code="X">neidhoefer</subfield>
      <subfield code="U">2021-05-31 12:00:00</subfield>
      <subfield code="Y">2021-08-11 07:55:27</subfield>
      <subfield code="M">49HBZ_FHA</subfield>
      <subfield code="s">0</subfield>
      <subfield code="d">8</subfield>
      <subfield code="V">Acquisition (PO line POL21-870)</subfield>
      <subfield code="b">11 XBS 53-2021,2+4</subfield>
      <subfield code="O">LabelPrinted: 01.06.2021 - 14:02 Uhr</subfield>
      <subfield code="a">2389819150006444</subfield>
      <subfield code="c">11 XBS 53-2021,2</subfield>
      <subfield code="r">LOAN</subfield>
      <subfield code="S">POL21-870</subfield>
      <subfield code="W">2021-05-31 12:39:39</subfield>
      <subfield code="u">BAY</subfield>
      <subfield code="w">BAY</subfield>
    </datafield>
    <datafield tag="ITM" ind1=" " ind2=" ">
      <subfield code="H">2289819190006444</subfield>
      <subfield code="x">BAY_Frei</subfield>
      <subfield code="f">BOOK</subfield>
      <subfield code="v">BAY_Frei</subfield>
      <subfield code="X">neidhoefer</subfield>
      <subfield code="U">2021-06-07 12:00:00</subfield>
      <subfield code="Y">2021-10-27 11:55:42</subfield>
      <subfield code="M">49HBZ_FHA</subfield>
      <subfield code="s">0</subfield>
      <subfield code="d">8</subfield>
      <subfield code="V">Acquisition (PO line POL21-928)</subfield>
      <subfield code="b">11 XBS 53-2021,2+6</subfield>
      <subfield code="O">LabelPrinted: 08.06.2021 - 14:22 Uhr</subfield>
      <subfield code="a">2389949700006444</subfield>
      <subfield code="c">11 XBS 53-2021,2</subfield>
      <subfield code="r">LOAN</subfield>
      <subfield code="S">POL21-928</subfield>
      <subfield code="W">2021-06-07 12:42:03</subfield>
      <subfield code="u">BAY</subfield>
      <subfield code="w">BAY</subfield>
    </datafield>
    <datafield tag="ITM" ind1=" " ind2=" ">
      <subfield code="H">2289819190006444</subfield>
      <subfield code="x">BAY_Frei</subfield>
      <subfield code="f">BOOK</subfield>
      <subfield code="v">BAY_Frei</subfield>
      <subfield code="X">neidhoefer</subfield>
      <subfield code="U">2021-06-07 12:00:00</subfield>
      <subfield code="Y">2021-10-06 12:56:36</subfield>
      <subfield code="M">49HBZ_FHA</subfield>
      <subfield code="s">0</subfield>
      <subfield code="d">8</subfield>
      <subfield code="V">Acquisition (PO line POL21-928)</subfield>
      <subfield code="b">11 XBS 53-2021,2+7</subfield>
      <subfield code="O">LabelPrinted: 08.06.2021 - 14:22 Uhr</subfield>
      <subfield code="a">2389949710006444</subfield>
      <subfield code="c">11 XBS 53-2021,2</subfield>
      <subfield code="r">LOAN</subfield>
      <subfield code="S">POL21-928</subfield>
      <subfield code="W">2021-06-07 12:42:03</subfield>
      <subfield code="u">BAY</subfield>
      <subfield code="w">BAY</subfield>
    </datafield>
    <datafield tag="ITM" ind1=" " ind2=" ">
      <subfield code="H">2289819190006444</subfield>
      <subfield code="x">IN_RS_REQ</subfield>
      <subfield code="f">BOOK</subfield>
      <subfield code="v">BAY_Frei</subfield>
      <subfield code="X">moesch</subfield>
      <subfield code="U">2021-06-07 12:00:00</subfield>
      <subfield code="Y">2021-11-16 08:36:50</subfield>
      <subfield code="M">49HBZ_FHA</subfield>
      <subfield code="s">0</subfield>
      <subfield code="d">8</subfield>
      <subfield code="V">Acquisition (PO line POL21-928)</subfield>
      <subfield code="b">11 XBS 53-2021,2+12</subfield>
      <subfield code="O">LabelPrinted: 08.06.2021 - 14:22 Uhr</subfield>
      <subfield code="a">2389949690006444</subfield>
      <subfield code="c">11 XBS 53-2021,2</subfield>
      <subfield code="r">ILL</subfield>
      <subfield code="S">POL21-928</subfield>
      <subfield code="W">2021-06-07 12:42:03</subfield>
      <subfield code="u">BAY</subfield>
      <subfield code="T">2021-12-14 08:36:50</subfield>
      <subfield code="w">RES_SHARE</subfield>
    </datafield>
    <datafield tag="ITM" ind1=" " ind2=" ">
      <subfield code="H">2289819190006444</subfield>
      <subfield code="x">BAY_Frei</subfield>
      <subfield code="f">BOOK</subfield>
      <subfield code="v">BAY_Frei</subfield>
      <subfield code="X">gevers</subfield>
      <subfield code="U">2021-06-07 12:00:00</subfield>
      <subfield code="Y">2021-11-24 09:16:30</subfield>
      <subfield code="M">49HBZ_FHA</subfield>
      <subfield code="s">0</subfield>
      <subfield code="d">8</subfield>
      <subfield code="V">Acquisition (PO line POL21-928)</subfield>
      <subfield code="b">11 XBS 53-2021,2+5</subfield>
      <subfield code="O">LabelPrinted: 08.06.2021 - 14:22 Uhr</subfield>
      <subfield code="a">2389949680006444</subfield>
      <subfield code="c">11 XBS 53-2021,2</subfield>
      <subfield code="r">LOAN</subfield>
      <subfield code="S">POL21-928</subfield>
      <subfield code="W">2021-06-07 12:42:03</subfield>
      <subfield code="u">BAY</subfield>
      <subfield code="w">BAY</subfield>
    </datafield>
    <datafield tag="ITM" ind1=" " ind2=" ">
      <subfield code="H">2289819190006444</subfield>
      <subfield code="x">BAY_Frei</subfield>
      <subfield code="f">BOOK</subfield>
      <subfield code="v">BAY_Frei</subfield>
      <subfield code="X">gevers</subfield>
      <subfield code="U">2021-06-07 12:00:00</subfield>
      <subfield code="Y">2021-11-18 09:16:40</subfield>
      <subfield code="M">49HBZ_FHA</subfield>
      <subfield code="s">0</subfield>
      <subfield code="d">8</subfield>
      <subfield code="V">Acquisition (PO line POL21-928)</subfield>
      <subfield code="b">11 XBS 53-2021,2+8</subfield>
      <subfield code="O">LabelPrinted: 08.06.2021 - 14:22 Uhr</subfield>
      <subfield code="a">2389949720006444</subfield>
      <subfield code="c">11 XBS 53-2021,2</subfield>
      <subfield code="r">LOAN</subfield>
      <subfield code="S">POL21-928</subfield>
      <subfield code="W">2021-06-07 12:42:03</subfield>
      <subfield code="u">BAY</subfield>
      <subfield code="w">BAY</subfield>
    </datafield>
    <datafield tag="ITM" ind1=" " ind2=" ">
      <subfield code="H">2289819190006444</subfield>
      <subfield code="x">BAY_Frei</subfield>
      <subfield code="f">BOOK</subfield>
      <subfield code="v">BAY_Frei</subfield>
      <subfield code="X">neidhoefer</subfield>
      <subfield code="U">2021-06-07 12:00:00</subfield>
      <subfield code="Y">2021-10-15 08:40:57</subfield>
      <subfield code="M">49HBZ_FHA</subfield>
      <subfield code="s">0</subfield>
      <subfield code="d">8</subfield>
      <subfield code="V">Acquisition (PO line POL21-928)</subfield>
      <subfield code="b">11 XBS 53-2021,2+9</subfield>
      <subfield code="O">LabelPrinted: 08.06.2021 - 14:22 Uhr</subfield>
      <subfield code="a">2389949730006444</subfield>
      <subfield code="c">11 XBS 53-2021,2</subfield>
      <subfield code="r">LOAN</subfield>
      <subfield code="S">POL21-928</subfield>
      <subfield code="W">2021-06-07 12:42:03</subfield>
      <subfield code="u">BAY</subfield>
      <subfield code="w">BAY</subfield>
    </datafield>
    <datafield tag="ITM" ind1=" " ind2=" ">
      <subfield code="H">2289819190006444</subfield>
      <subfield code="x">BAY_Frei</subfield>
      <subfield code="f">BOOK</subfield>
      <subfield code="v">BAY_Frei</subfield>
      <subfield code="X">System</subfield>
      <subfield code="U">2021-06-07 12:00:00</subfield>
      <subfield code="Y">2021-10-15 10:09:26</subfield>
      <subfield code="M">49HBZ_FHA</subfield>
      <subfield code="s">0</subfield>
      <subfield code="d">8</subfield>
      <subfield code="V">Acquisition (PO line POL21-928)</subfield>
      <subfield code="b">11 XBS 53-2021,2+10</subfield>
      <subfield code="O">LabelPrinted: 08.06.2021 - 14:22 Uhr</subfield>
      <subfield code="a">2389949740006444</subfield>
      <subfield code="c">11 XBS 53-2021,2</subfield>
      <subfield code="r">LOAN</subfield>
      <subfield code="S">POL21-928</subfield>
      <subfield code="W">2021-06-07 12:42:03</subfield>
      <subfield code="u">BAY</subfield>
      <subfield code="w">BAY</subfield>
    </datafield>
    <datafield tag="ITM" ind1=" " ind2=" ">
      <subfield code="H">2289819190006444</subfield>
      <subfield code="x">BAY_Frei</subfield>
      <subfield code="f">BOOK</subfield>
      <subfield code="v">BAY_Frei</subfield>
      <subfield code="X">System</subfield>
      <subfield code="U">2021-06-07 12:37:00</subfield>
      <subfield code="Y">2021-11-24 11:33:47</subfield>
      <subfield code="M">49HBZ_FHA</subfield>
      <subfield code="s">0</subfield>
      <subfield code="d">8</subfield>
      <subfield code="V">Acquisition (PO line POL21-928)</subfield>
      <subfield code="b">11 XBS 53-2021,2+11</subfield>
      <subfield code="O">LabelPrinted: 08.06.2021 - 14:22 Uhr</subfield>
      <subfield code="a">2389949750006444</subfield>
      <subfield code="c">11 XBS 53-2021,2</subfield>
      <subfield code="r">LOAN</subfield>
      <subfield code="S">POL21-928</subfield>
      <subfield code="K">Leichte Besch&#228;digung am vorderen Einband (Knicke) direkt nach Eintreffen in Bib. 09.06.21 nei</subfield>
      <subfield code="W">2021-06-07 12:40:49</subfield>
      <subfield code="u">BAY</subfield>
      <subfield code="w">BAY</subfield>
    </datafield>
    <datafield tag="H52" ind1="8" ind2=" ">
      <subfield code="b">BR</subfield>
      <subfield code="c">Freihand</subfield>
      <subfield code="8">22212938780006445</subfield>
    </datafield>
    <datafield tag="HOL" ind1=" " ind2=" ">
      <subfield code="d">2021-07-09 10:19:40</subfield>
      <subfield code="8">22212938780006445</subfield>
      <subfield code="b">2021-07-09 10:19:28</subfield>
      <subfield code="M">49HBZ_UBD</subfield>
      <subfield code="g">false</subfield>
      <subfield code="a">DE1130000165088</subfield>
      <subfield code="c">DE1130000165088</subfield>
    </datafield>
    <datafield tag="ITM" ind1=" " ind2=" ">
      <subfield code="H">22212938780006445</subfield>
      <subfield code="x">Freihand</subfield>
      <subfield code="f">BOOK</subfield>
      <subfield code="v">Freihand</subfield>
      <subfield code="p">Praesenz</subfield>
      <subfield code="X">DE1130000166347</subfield>
      <subfield code="U">2021-07-20 14:23:01</subfield>
      <subfield code="Y">2021-08-19 10:18:46</subfield>
      <subfield code="n">Xn 16775-2</subfield>
      <subfield code="M">49HBZ_UBD</subfield>
      <subfield code="s">1</subfield>
      <subfield code="d">8</subfield>
      <subfield code="V">DE1130000165088</subfield>
      <subfield code="b">50000067433</subfield>
      <subfield code="a">23212938760006445</subfield>
      <subfield code="S">POL-1745</subfield>
      <subfield code="W">2021-07-09 10:20:45</subfield>
      <subfield code="u">BR</subfield>
      <subfield code="w">BR</subfield>
    </datafield>
    <datafield tag="H52" ind1="8" ind2=" ">
      <subfield code="b">E0001</subfield>
      <subfield code="c">E31</subfield>
      <subfield code="h">XBR2028-2021,2</subfield>
      <subfield code="8">22448939930006446</subfield>
    </datafield>
    <datafield tag="HOL" ind1=" " ind2=" ">
      <subfield code="d">2021-10-07 10:29:57</subfield>
      <subfield code="8">22448939930006446</subfield>
      <subfield code="b">2021-10-07 10:28:04</subfield>
      <subfield code="M">49HBZ_UDE</subfield>
      <subfield code="g">false</subfield>
      <subfield code="a">CE00001409</subfield>
      <subfield code="c">exl_api</subfield>
    </datafield>
    <datafield tag="ITM" ind1=" " ind2=" ">
      <subfield code="H">22448939930006446</subfield>
      <subfield code="x">EHA</subfield>
      <subfield code="f">BOOK</subfield>
      <subfield code="v">E31</subfield>
      <subfield code="p">45</subfield>
      <subfield code="X">000063093</subfield>
      <subfield code="U">2021-10-07 06:26:25</subfield>
      <subfield code="Y">2021-10-12 06:26:25</subfield>
      <subfield code="n">XBR2028-2021,2</subfield>
      <subfield code="P">21</subfield>
      <subfield code="M">49HBZ_UDE</subfield>
      <subfield code="s">0</subfield>
      <subfield code="d">8</subfield>
      <subfield code="V">CE00001409</subfield>
      <subfield code="b">DE00637881</subfield>
      <subfield code="a">23448939910006446</subfield>
      <subfield code="t">8</subfield>
      <subfield code="c">XBR2028-2021,2</subfield>
      <subfield code="r">LOAN</subfield>
      <subfield code="S">UB21-5008</subfield>
      <subfield code="W">2021-10-07 10:29:56</subfield>
      <subfield code="u">E0001</subfield>
      <subfield code="w">E0001</subfield>
    </datafield>
    <datafield tag="ITM" ind1=" " ind2=" ">
      <subfield code="H">22448939930006446</subfield>
      <subfield code="x">E31</subfield>
      <subfield code="f">BOOK</subfield>
      <subfield code="v">E31</subfield>
      <subfield code="X">System</subfield>
      <subfield code="U">2021-10-07 10:49:15</subfield>
      <subfield code="Y">2021-11-20 13:28:56</subfield>
      <subfield code="n">XBR2028-2021,2+1</subfield>
      <subfield code="P">21</subfield>
      <subfield code="Q">BA</subfield>
      <subfield code="M">49HBZ_UDE</subfield>
      <subfield code="s">0</subfield>
      <subfield code="d">8</subfield>
      <subfield code="V">CE00001409</subfield>
      <subfield code="b">DE00637884</subfield>
      <subfield code="a">23448939860006446</subfield>
      <subfield code="t">8</subfield>
      <subfield code="c">XBR2028-2021,2</subfield>
      <subfield code="r">LOAN</subfield>
      <subfield code="S">UB21-5009</subfield>
      <subfield code="W">2021-10-07 10:48:57</subfield>
      <subfield code="u">E0001</subfield>
      <subfield code="w">E0001</subfield>
    </datafield>
    <datafield tag="GKT" ind1="2" ind2=" ">
      <subfield code="a">Baukosteninformationszentrum</subfield>
      <subfield code="A">GND</subfield>
      <subfield code="B">GND-952415585</subfield>
      <subfield code="C">410</subfield>
    </datafield>
    <datafield tag="GKT" ind1="2" ind2=" ">
      <subfield code="a">BKI</subfield>
      <subfield code="4">abku</subfield>
      <subfield code="4">https://d-nb.info/standards/elementset/gnd#abbreviatedNameForTheCorporateBody</subfield>
      <subfield code="w">r</subfield>
      <subfield code="i">Abkuerzung</subfield>
      <subfield code="e">Abkuerzung</subfield>
      <subfield code="A">GND</subfield>
      <subfield code="B">GND-952415585</subfield>
      <subfield code="C">410</subfield>
    </datafield>
    <datafield tag="GKT" ind1="2" ind2=" ">
      <subfield code="a">Baukosteninformationszentrum Deutscher Architektenkammern GmbH</subfield>
      <subfield code="A">GND</subfield>
      <subfield code="B">GND-952415585</subfield>
      <subfield code="C">410</subfield>
    </datafield>
    <datafield tag="GSI" ind1="7" ind2=" ">
      <subfield code="a">5253963-5</subfield>
      <subfield code="0">http://d-nb.info/gnd/5253963-5</subfield>
      <subfield code="2">gnd</subfield>
      <subfield code="A">GND</subfield>
      <subfield code="B">GND-952415585</subfield>
      <subfield code="C">024</subfield>
    </datafield>
  </record>